%% This BibTeX bibliography file was created using BibDesk.
%% http://bibdesk.sourceforge.net/


%% Created for Tapani at 2015-07-29 23:26:01 +0300 


%% Saved with string encoding Western (ISO Latin 1) 



@article{Pulkki1997:VBAPbase,
	Author = {Ville Pulkki},
	Date-Added = {2011-02-10 17:49:01 +0200},
	Date-Modified = {2011-02-10 17:49:01 +0200},
	Journal = {Journal of Audio Engineering Society},
	Month = {June},
	Number = {6},
	Pages = {456-466},
	Title = {Virtual Sound Source Positioning Using Vector Base Amplitude
	         Panning},
	Volume = {45},
	Year = {1997},
}

@article{Pulkki2007:DirAC_JAES,
	Author = {Ville Pulkki},
	Date-Added = {2011-02-04 12:22:24 +0200},
	Date-Modified = {2011-02-04 12:22:24 +0200},
	Journal = {Journal of Audio Engineering Society},
	Month = {June},
	Number = {6},
	Pages = {503-516},
	Title = {Spatial Sound Reproduction with Directional Audio Coding},
	Volume = {55},
	Year = {2007},
}

@article{wright2005osc,
	author = {Matthew Wright},
	title = {Open Sound Control: an enabling technology for musical networking},
	journal = {Organised Sound},
	volume = {10},
	number = {3},
	year = {2005},
}

@misc{osc_spec,
	author = {CNMAT},
	title = {Open Sound Control Specification 1.0},
	note = {\url{https://opensoundcontrol.stanford.edu/spec-1_0.html}},
	year = {2024},
}

@inproceedings{rudrich2019iem,
	author = {Daniel Rudrich and Franz Zotter and Stefan Grill and Matthias
	          Huber},
	title = {IEM Plug-in Suite},
	booktitle = {University of Music and Performing Arts, Graz},
	year = {2019},
}

@book{zotter2019ambisonics,
	author = {Franz Zotter and Matthias Frank},
	title = {Ambisonics: A Practical 3D Audio Theory for Recording, Studio
	         Production, Sound Reinforcement, and Virtual Reality},
	year = {2019},
	publisher = {Springer},
}

@inproceedings{yagunova2021ambisonics,
	author = {Yuliya Yagunova and Mark Poletti and Peter Teal},
	title = {Ambisonics and Sonic Simulation in Virtual Reality},
	booktitle = {2021 IEEE Region 10 Conference (TENCON)},
	year = {2021},
}

@comment{BibDesk Static Groups{
<?xml version="1.0" encoding="UTF-8"?>
<!DOCTYPE plist PUBLIC "-//Apple//DTD PLIST 1.0//EN" "http://www.apple.com/DTDs/PropertyList-1.0.dtd">
<plist version="1.0">
<array>
	<dict>
		<key>group name</key>
		<string>Not yet</string>
		<key>keys</key>
		<string></string>
	</dict>
</array>
</plist>
}}
